<record><leader>00000cas a22000007a 4500</leader><controlfield tag="001">4862801</controlfield><controlfield tag="008">790416d18611871lauwr ne      0    0fre d</controlfield><datafield ind1=" " ind2=" " tag="010"><subfield code="a">sn 83026407 </subfield></datafield><datafield ind1=" " ind2=" " tag="040"><subfield code="a">LUU</subfield><subfield code="b">eng</subfield><subfield code="c">LUU</subfield><subfield code="d">NPV</subfield><subfield code="d">NPX</subfield><subfield code="d">LNP</subfield><subfield code="d">NVF</subfield><subfield code="d">OCL</subfield><subfield code="d">OCLCF</subfield><subfield code="d">OCLCO</subfield><subfield code="d">OCLCA</subfield></datafield><datafield ind1="1" ind2=" " tag="029"><subfield code="a">AU@</subfield><subfield code="b">000020226474</subfield></datafield><datafield ind1=" " ind2=" " tag="042"><subfield code="a">msc</subfield></datafield><datafield ind1=" " ind2=" " tag="045"><subfield code="a">w6w7</subfield></datafield><datafield ind1=" " ind2=" " tag="052"><subfield code="a">4014</subfield><subfield code="b">N5</subfield></datafield><datafield ind1=" " ind2=" " tag="090"><subfield code="a">PN4899.N35</subfield><subfield code="b">R45</subfield></datafield><datafield ind1="0" ind2="3" tag="245"><subfield code="a">La Renaissance louisianaise.</subfield></datafield><datafield ind1=" " ind2=" " tag="260"><subfield code="a">Nouvelle-Orle&#769;ans [New Orleans, La.] :</subfield><subfield code="b">Emile Hiriart,</subfield><subfield code="c">1861-1871.</subfield></datafield><datafield ind1=" " ind2=" " tag="300"><subfield code="a">10 v. :</subfield><subfield code="b">ill. ;</subfield><subfield code="c">31 cm.</subfield></datafield><datafield ind1=" " ind2=" " tag="310"><subfield code="a">Weekly</subfield></datafield><datafield ind1="0" ind2=" " tag="362"><subfield code="a">Vol. 1, no. 1 (5 mai 1861)-v. 10, no. 50 (24 de&#769;c. 1871).</subfield></datafield><datafield ind1=" " ind2=" " tag="500"><subfield code="a">"Organe des populations franco-ame&#769;ricaines du Sud."</subfield></datafield><datafield ind1=" " ind2=" " tag="500"><subfield code="a">Subtitles: Revue hebdomadaire, politique, scientifique et litte&#769;raire, &lt;1862&gt;; Revue hebdomadaire, politique, litte&#769;rature, science, beaux-arts, industrie, agriculture, etc., &lt;1868&gt;-1871.</subfield></datafield><datafield ind1=" " ind2=" " tag="546"><subfield code="a">In French.</subfield></datafield><datafield ind1=" " ind2=" " tag="580"><subfield code="a">Daily eds.: Renaissance (New Orleans, La.), &lt;May-Dec. 1862&gt;, and: Renaissance (New Orleans, La. : Evening ed.), &lt;May-July 1862&gt;.</subfield></datafield><datafield ind1=" " ind2="0" tag="650"><subfield code="a">French Americans</subfield><subfield code="z">Southern States</subfield><subfield code="v">Newspapers.</subfield></datafield><datafield ind1=" " ind2="0" tag="651"><subfield code="a">New Orleans (La.)</subfield><subfield code="v">Newspapers.</subfield></datafield><datafield ind1=" " ind2="7" tag="655"><subfield code="a">Newspapers.</subfield><subfield code="2">fast</subfield><subfield code="0">(OCoLC)fst01423814</subfield></datafield><datafield ind1=" " ind2="7" tag="650"><subfield code="a">French Americans.</subfield><subfield code="2">fast</subfield><subfield code="0">(OCoLC)fst00934236</subfield></datafield><datafield ind1=" " ind2="7" tag="651"><subfield code="a">Louisiana</subfield><subfield code="z">New Orleans.</subfield><subfield code="2">fast</subfield><subfield code="0">(OCoLC)fst01204311</subfield></datafield><datafield ind1=" " ind2="7" tag="651"><subfield code="a">Southern States.</subfield><subfield code="2">fast</subfield><subfield code="0">(OCoLC)fst01244550</subfield></datafield><datafield ind1=" " ind2=" " tag="752"><subfield code="a">United States</subfield><subfield code="b">Louisiana</subfield><subfield code="c">Orleans</subfield><subfield code="d">New Orleans.</subfield></datafield><datafield ind1="1" ind2=" " tag="775"><subfield code="t">Renaissance (New Orleans, La.)</subfield><subfield code="w">(DLC)sn 83026402</subfield></datafield><datafield ind1="1" ind2=" " tag="775"><subfield code="t">Renaissance (New Orleans, La. : Evening ed.)</subfield><subfield code="w">(DLC)sn 890 59237</subfield></datafield><datafield ind1="0" ind2="0" tag="780"><subfield code="t">Sud</subfield><subfield code="w">(DLC)sn 83026411</subfield></datafield><datafield ind1="0" ind2="5" tag="780"><subfield code="t">Estafette du sud</subfield><subfield code="g">&lt;1863&gt;</subfield><subfield code="w">(DLC)sn 83026395</subfield></datafield></record>